@article{Liechtenstein_1984,
	doi = {10.1088/0305-4608/14/7/007},
	url = {https://doi.org/10.1088/0305-4608/14/7/007},
	year = 1984,
	month = {jul},
	publisher = {{IOP} Publishing},
	volume = {14},
	number = {7},
	pages = {L125--L128},
	author = {A I Liechtenstein and M I Katsnelson and V A Gubanov},
	title = {Exchange interactions and spin-wave stiffness in ferromagnetic metals},
	journal = {Journal of Physics F: Metal Physics},
	abstract = {Rigorous expressions for the exchange parameters and the spin-wave stiffness constant of ferromagnetic metals are obtained using a local spin-density functional formalism and the muffin-tin potential model. The calculated results for ferromagnetic iron are given as an example of the approach.}
}

@Misc{Markus-private-comm,
  howpublished = "M. Wallerberger, private communication."
}


@Misc{second_perb_notebook,
  howpublished = "\url{https://nbviewer.jupyter.org/github/SpM-lab/ir_kotaibutsuri/blob/82d34fe0bd7f5313fbdfa87a38983aadba2d85cb/second_order_perturbation.ipynb/}"
}

@Misc{irbasis_notebook,
  howpublished = "\url{https://nbviewer.jupyter.org/github/SpM-lab/ir_kotaibutsuri/blob/82d34fe0bd7f5313fbdfa87a38983aadba2d85cb/sample.ipynb/}"
}

@misc{shinaoka2021efficient,
      title={Efficient ab initio many-body calculations based on sparse modeling of Matsubara Green's function}, 
      author={Hiroshi Shinaoka and Naoya Chikano and Emanuel Gull and Jia Li and Takuya Nomoto and Junya Otsuki and Markus Wallerberger and Tianchun Wang and Kazuyoshi Yoshimi},
      year={2021},
      eprint={2106.12685},
      archivePrefix={arXiv},
      primaryClass={cond-mat.str-el}
}

@Misc{irbasis3,
  howpublished = "\url{https://github.com/SpM-lab/irbasis3}"
}

@misc{kaye2021discrete,
      title={Discrete Lehmann representation of imaginary time Green's functions}, 
      author={Jason Kaye and Kun Chen and Olivier Parcollet},
      year={2021},
      eprint={2107.13094},
      archivePrefix={arXiv},
      primaryClass={math.NA}
}

@Misc{colab-template,
  howpublished = "\url{https://colab.research.google.com/drive/1EroV3cbjbMdJB2rN10E_wzkKu13BZpmT?usp=sharing}"
}